<record><leader>00000cas a22000007a 4500</leader><controlfield tag="001">22774945</controlfield><controlfield tag="008">901204d19uu19uuohudn ne      0    0eng d</controlfield><datafield ind1=" " ind2=" " tag="010"><subfield code="a">sn 90068578 </subfield></datafield><datafield ind1=" " ind2=" " tag="040"><subfield code="a">ONP</subfield><subfield code="b">eng</subfield><subfield code="c">ONP</subfield><subfield code="d">OCLCQ</subfield></datafield><datafield ind1=" " ind2=" " tag="042"><subfield code="a">msc</subfield></datafield><datafield ind1="0" ind2="4" tag="245"><subfield code="a">The Fostoria daily times.</subfield></datafield><datafield ind1=" " ind2=" " tag="260"><subfield code="a">Fostoria, Ohio :</subfield><subfield code="b">Roscoe Carle</subfield></datafield><datafield ind1=" " ind2=" " tag="300"><subfield code="a">v.</subfield></datafield><datafield ind1=" " ind2=" " tag="310"><subfield code="a">Daily (except Sun.)</subfield></datafield><datafield ind1=" " ind2=" " tag="588"><subfield code="a">Description based on: Fiftieth year (Dec. 1, 1924).</subfield></datafield><datafield ind1=" " ind2=" " tag="752"><subfield code="a">United States</subfield><subfield code="b">Ohio</subfield><subfield code="c">Seneca</subfield><subfield code="d">Fostoria.</subfield></datafield><datafield ind1="0" ind2="7" tag="785"><subfield code="t">Fostoria daily review (Fostoria, Ohio : 1909)</subfield><subfield code="w">(DLC)sn 87076656</subfield></datafield><datafield ind1="0" ind2="7" tag="785"><subfield code="t">Review times (Fostoria, Ohio)</subfield><subfield code="w">(DLC)sn 87076657</subfield></datafield></record>